@article {APL:APL1612,
author = {PAGE, Carolyn J. and HINMAN, Rana S. and BENNELL, Kim L.},
title = {Physiotherapy management of knee osteoarthritis},
journal = {International Journal of Rheumatic Diseases},
volume = {14},
number = {2},
publisher = {Blackwell Publishing Ltd},
issn = {1756-185X},
url = {http://dx.doi.org/10.1111/j.1756-185X.2011.01612.x},
doi = {10.1111/j.1756-185X.2011.01612.x},
pages = {145--151},
keywords = {braces, exercise, insoles, knee, management, manual therapy, osteoarthritis, patellar taping, physical therapy, physiotherapy},
year = {2011},
}
