@inproceedings{Casamassima:2013:WAS:2494091.2494178,
 author = {Casamassima, Filippo and Ferrari, Alberto and Milosevic, Bojan and Rocchi, Laura and Farella, Elisabetta},
 title = {Wearable Audio-feedback System for Gait Rehabilitation in Subjects with Parkinson's Disease},
 booktitle = {Proceedings of the 2013 ACM Conference on Pervasive and Ubiquitous Computing Adjunct Publication},
 series = {UbiComp '13 Adjunct},
 year = {2013},
 isbn = {978-1-4503-2215-7},
 location = {Zurich, Switzerland},
 pages = {275--278},
 numpages = {4},
 url = {http://doi.acm.org/10.1145/2494091.2494178},
 doi = {10.1145/2494091.2494178},
 acmid = {2494178},
 publisher = {ACM},
 address = {New York, NY, USA},
 keywords = {audio feedback, inertial measurement unit, parkinson},
}

@article {APL:APL1612,
author = {PAGE, Carolyn J. and HINMAN, Rana S. and BENNELL, Kim L.},
title = {Physiotherapy management of knee osteoarthritis},
journal = {International Journal of Rheumatic Diseases},
volume = {14},
number = {2},
publisher = {Blackwell Publishing Ltd},
issn = {1756-185X},
url = {http://dx.doi.org/10.1111/j.1756-185X.2011.01612.x},
doi = {10.1111/j.1756-185X.2011.01612.x},
pages = {145--151},
keywords = {braces, exercise, insoles, knee, management, manual therapy, osteoarthritis, patellar taping, physical therapy, physiotherapy},
year = {2011},
}