%% This BibTeX bibliography file was created using BibDesk.
%% http://bibdesk.sourceforge.net/


%% Created for janetyc at 2014-10-31 12:13:18 +0800 


%% Saved with string encoding Unicode (UTF-8) 



@inproceedings{Deng2014,
	Acmid = {2557011},
	Address = {New York, NY, USA},
	Author = {Deng, Jia and Russakovsky, Olga and Krause, Jonathan and Bernstein, Michael S. and Berg, Alex and Fei-Fei, Li},
	Booktitle = {Proceedings of the SIGCHI Conference on Human Factors in Computing Systems},
	Date-Added = {2014-10-31 04:13:15 +0000},
	Date-Modified = {2014-10-31 04:13:15 +0000},
	Doi = {10.1145/2556288.2557011},
	Isbn = {978-1-4503-2473-1},
	Keywords = {crowdsourcing, human computation},
	Location = {Toronto, Ontario, Canada},
	Numpages = {4},
	Pages = {3099--3102},
	Publisher = {ACM},
	Series = {CHI '14},
	Title = {Scalable Multi-label Annotation},
	Url = {http://doi.acm.org/10.1145/2556288.2557011},
	Year = {2014},
	Bdsk-Url-1 = {http://doi.acm.org/10.1145/2556288.2557011},
	Bdsk-Url-2 = {http://dx.doi.org/10.1145/2556288.2557011}}
	


@inproceedings{aaai_YurutenZP14,
   author              = {Onur Yürüten and
                          Jiyong Zhang and
                          Pearl Pu},
   title               = {Decomposing Activities of Daily Living to Discover Routine Clusters.},
   booktitle           = {AAAI},
   year                = {2014},
   pages               = {1348-1354},
   ee                  = {http://www.aaai.org/ocs/index.php/AAAI/AAAI14/paper/view/8235},
   crossref            = {2014},
}



@inproceedings{DBLP:conf/mobisys/ChengSGDLY13, author = {Heng{-}Tze Cheng and Feng{-}Tso Sun and Martin L. Griss and Paul Davis and Jianguo Li and Di You}, title = {NuActiv: recognizing unseen new activities using semantic attribute-based learning}, booktitle = {The 11th Annual International Conference on Mobile Systems, Applications, and Services, MobiSys'13, Taipei, Taiwan, June 25-28, 2013}, year = {2013}, pages = {361--374}, crossref = {DBLP:conf/mobisys/2013}, url = {http://doi.acm.org/10.1145/2462456.2464438}, doi = {10.1145/2462456.2464438}, timestamp = {Mon, 27 Oct 2014 20:57:35 +0100}, biburl = {http://dblp.uni-trier.de/rec/bib/conf/mobisys/ChengSGDLY13}, bibsource = {dblp computer science bibliography, http://dblp.org} }
@inproceedings{cheng2013towards,  title={Towards zero-shot learning for human activity recognition using semantic attribute sequence model},  author={Cheng, Heng-Tze and Griss, Martin and Davis, Paul and Li, Jianguo and You, Di},  booktitle={Proceedings of the 2013 ACM international joint conference on Pervasive and ubiquitous computing},  pages={355--358},  year={2013},  organization={ACM}}
@inproceedings{tian2013institute,  title={Mining activities using sticky multimodal dual hierarchical Dirichlet process hidden Markov model},  author={Tian, Guodong and Yuan, Chunfeng and Hu, Weiming and Cai, Zhaoquan},  booktitle={Image Processing (ICIP), 2013 20th IEEE International Conference on},  pages={98--102},  year={2013},  organization={IEEE}}@article{giunchiglia2012lifelog,  title={Lifelog Data Model and Management: Study on Research Challenges},  author={Giunchiglia, Fausto and Kim, Pil Ho},  year={2012},  publisher={Universit{\`a} degli Studi di Trento}}
@incollection{hamm2013automatic,  title={Automatic annotation of daily activity from smartphone-based multisensory streams},  author={Hamm, Jihun and Stone, Benjamin and Belkin, Mikhail and Dennis, Simon},  booktitle={Mobile Computing, Applications, and Services},  pages={328--342},  year={2013},  publisher={Springer}}
@inproceedings{nakamura2012bag,  title={Bag of multimodal hierarchical dirichlet processes: Model of complex conceptual structure for intelligent robots},  author={Nakamura, Tomoaki and Nagai, Takayuki and Iwahashi, Naoto},  booktitle={Intelligent Robots and Systems (IROS), 2012 IEEE/RSJ International Conference on},  pages={3818--3823},  year={2012},  organization={IEEE}}
@article{doherty2011passively,  title={Passively recognising human activities through lifelogging},  author={Doherty, Aiden R and Caprani, Niamh and Conaire, Ciar{\'a}n {\'O} and Kalnikaite, Vaiva and Gurrin, Cathal and Smeaton, Alan F and O’Connor, Noel E},  journal={Computers in Human Behavior},  volume={27},  number={5},  pages={1948--1958},  year={2011},  publisher={Elsevier}}@inproceedings{nakamura2011multimodal,  title={Multimodal categorization by hierarchical dirichlet process},  author={Nakamura, Tomoaki and Nagai, Takayuki and Iwahashi, Naoto},  booktitle={Intelligent Robots and Systems (IROS), 2011 IEEE/RSJ International Conference on},  pages={1520--1525},  year={2011},  organization={IEEE}}@article{farrahi2011discovering,  title={Discovering routines from large-scale human locations using probabilistic topic models},  author={Farrahi, Katayoun and Gatica-Perez, Daniel},  journal={ACM Transactions on Intelligent Systems and Technology (TIST)},  volume={2},  number={1},  pages={3},  year={2011},  publisher={ACM}}
@article{fleury2010svm,  title={SVM-based multimodal classification of activities of daily living in health smart homes: sensors, algorithms, and first experimental results},  author={Fleury, Anthony and Vacher, Michel and Noury, Norbert},  journal={Information Technology in Biomedicine, IEEE Transactions on},  volume={14},  number={2},  pages={274--283},  year={2010},  publisher={IEEE}}
@inproceedings{cheng2010language,  title={A language-based approach to indexing heterogeneous multimedia lifelog},  author={Cheng, Peng-Wen and Chennuru, Snehal and Buthpitiya, Senaka and Zhang, Ying},  booktitle={International Conference on Multimodal Interfaces and the Workshop on Machine Learning for Multimodal Interaction},  pages={26},  year={2010},  organization={ACM}}

@inproceedings{yakhnenko2009multi,  title={Multi-Modal Hierarchical Dirichlet Process Model for Predicting Image Annotation and Image-Object Label Correspondence.},  author={Yakhnenko, Oksana and Honavar, Vasant},  booktitle={SDM},  pages={283--293},  year={2009},  organization={SIAM}}
@article{brdiczka2009detecting,  title={Detecting small group activities from multimodal observations},  author={Brdiczka, Oliver and Maisonnasse, J{\'e}r{\^o}me and Reignier, Patrick and Crowley, James L},  journal={Applied Intelligence},  volume={30},  number={1},  pages={47--57},  year={2009},  publisher={Springer}}



