% This file was created with JabRef 2.10.
% Encoding: ISO8859_1


@Inproceedings{Hu:AAAI04,
  Title                    = {Opinion Feature Extraction Using Class Sequential Rules},
  Author                   = {Hu, Minqing, and Bing Liu},
  Booktitle                = {AAAI Spring Symposium: Computational Approaches to Analyzing Weblogs},
  Year                     = {2006},
  Month                    = {March},
  Pages                    = {61--66},
  Publisher                = {AAAI},
  Series                   = {AAAI'04},

  Owner                    = {IdleHao},
  Timestamp                = {2014.11.28},
  Url                      = {http://www.aaai.org/Papers/Symposia/Spring/2006/SS-06-03/SS06-03-013.pdf}
}

@Proceedings{Louis:ACL14,
  Title                    = {A Bayesian Method to Incorporate Background Knowledge during Automatic Text Summarization},
  Year                     = {2014},
  Publisher                = {Association for Computational Linguistics},
  Series                   = {Proceedings of the 52nd Annual Meeting of the Association for Computational Linguistics},
  Volume                   = {2},

  Author                   = {Louis, Annie},
  Location                 = {Baltimore, Maryland},
  Owner                    = {IdleHao},
  Pages                    = {333--338},
  Timestamp                = {2014.10.31},
  Url                      = {http://aclweb.org/anthology/P14-2055}
}

@Inproceedings{Nichols:IUI12,
  Title                    = {Summarizing Sporting Events Using Twitter},
  Author                   = {Nichols, Jeffrey and Mahmud, Jalal and Drews, Clemens},
  Booktitle                = {Proceedings of the 2012 ACM International Conference on Intelligent User Interfaces},
  Year                     = {2012},

  Address                  = {New York, NY, USA},
  Location                 = {Lisbon, Portugal},
  Pages                    = {189--198},
  Publisher                = {ACM},
  Series                   = {IUI'12},

  Doi                      = {10.1145/2166966.2166999},
  Keywords                 = {implicit crowdsourcing, journalism, social media, status updates},
  Owner                    = {IdleHao},
  Timestamp                = {2014.11.07},
  Url                      = {http://doi.acm.org/10.1145/2166966.2166999}
}

@Inproceedings{Wen:AAAI14,
  Title                    = {Emotion Classification in Microblog Texts Using Class Sequential Rules},
  Author                   = {Wen, Shiyang and Wan, Xiaojun},
  Booktitle                = {AAAI Conference on Artificial Intelligence 2014},
  Year                     = {2014},
  Publisher                = {AAAIAAAI Conference on Artificial Intelligence},
  Series                   = {AAAI'14},

  Keywords                 = {Emotion Classification; Class Sequential Rule},
  Owner                    = {IdleHao},
  Timestamp                = {2014.11.28},
  Url                      = {http://www.aaai.org/ocs/index.php/AAAI/AAAI14/paper/view/8209}
}

@Inproceedings{Xu:COLING10,
  Title                    = {Build Chinese Emotion Lexicons Using a Graph-based Algorithm and Multiple Resources},
  Author                   = {Xu, Ge and Meng, Xinfan and Wang, Houfeng},
  Booktitle                = {Proceedings of the 23rd International Conference on Computational Linguistics},
  Year                     = {2010},

  Address                  = {Stroudsburg, PA, USA},
  Location                 = {Beijing, China},
  Pages                    = {1209--1217},
  Publisher                = {Association for Computational Linguistics},
  Series                   = {COLING'10},

  Owner                    = {IdleHao},
  Timestamp                = {2014.11.14},
  Url                      = {http://dl.acm.org/citation.cfm?id=1873781.1873917}
}

