@inproceedings{Green:2012:ASC:2392855.2392861,
 author = {Green, Nancy L. and Guinn, Curry and Smith, Ronnie W.},
 title = {Assisting Social Conversation Between Persons with Alzheimer's Disease and Their Conversational Partners},
 booktitle = {Proceedings of the Third Workshop on Speech and Language Processing for Assistive Technologies},
 series = {SLPAT '12},
 year = {2012},
 location = {Montreal, Canada},
 pages = {37--46},
 numpages = {10},
 url = {http://dl.acm.org/citation.cfm?id=2392855.2392861},
 acmid = {2392861},
 publisher = {Association for Computational Linguistics},
 address = {Stroudsburg, PA, USA},
}

@inproceedings{Piper:2013:APP:2441776.2441802,
 author = {Piper, Anne Marie and Weibel, Nadir and Hollan, James},
 title = {Audio-enhanced Paper Photos: Encouraging Social Interaction at Age 105},
 booktitle = {Proceedings of the 2013 Conference on Computer Supported Cooperative Work},
 series = {CSCW '13},
 year = {2013},
 isbn = {978-1-4503-1331-5},
 location = {San Antonio, Texas, USA},
 pages = {215--224},
 numpages = {10},
 url = {http://doi.acm.org/10.1145/2441776.2441802},
 doi = {10.1145/2441776.2441802},
 acmid = {2441802},
 publisher = {ACM},
 address = {New York, NY, USA},
 keywords = {communication, digital pen, older adults, photos, social interaction},
} 
