%% This BibTeX bibliography file was created using BibDesk.
%% http://bibdesk.sourceforge.net/


%% Created for janetyc at 2014-12-25 11:15:17 +0800 


%% Saved with string encoding Unicode (UTF-8) 



@inproceedings{Zhang2012b,
	Acmid = {2207708},
	Address = {New York, NY, USA},
	Author = {Zhang, Haoqi and Law, Edith and Miller, Rob and Gajos, Krzysztof and Parkes, David and Horvitz, Eric},
	Booktitle = {Proceedings of the SIGCHI Conference on Human Factors in Computing Systems},
	Date-Added = {2014-12-25 03:15:16 +0000},
	Date-Modified = {2014-12-25 03:15:16 +0000},
	Doi = {10.1145/2207676.2207708},
	Isbn = {978-1-4503-1015-4},
	Keywords = {collaborative planning, crowdware, groupware, human computation, mixed-initiative interaction},
	Location = {Austin, Texas, USA},
	Numpages = {10},
	Pages = {217--226},
	Publisher = {ACM},
	Series = {CHI '12},
	Title = {Human Computation Tasks with Global Constraints},
	Url = {http://doi.acm.org/10.1145/2207676.2207708},
	Year = {2012},
	Bdsk-Url-1 = {http://doi.acm.org/10.1145/2207676.2207708},
	Bdsk-Url-2 = {http://dx.doi.org/10.1145/2207676.2207708}}

@inproceedings{Irani2013,
	Acmid = {2470742},
	Address = {New York, NY, USA},
	Author = {Irani, Lilly C. and Silberman, M. Six},
	Booktitle = {Proceedings of the SIGCHI Conference on Human Factors in Computing Systems},
	Date-Added = {2014-12-17 15:36:26 +0000},
	Date-Modified = {2014-12-17 15:36:26 +0000},
	Doi = {10.1145/2470654.2470742},
	Isbn = {978-1-4503-1899-0},
	Keywords = {activism, amazon mechanical turk, design, ethics, human computation, infrastructure},
	Location = {Paris, France},
	Numpages = {10},
	Pages = {611--620},
	Publisher = {ACM},
	Series = {CHI '13},
	Title = {Turkopticon: Interrupting Worker Invisibility in Amazon Mechanical Turk},
	Url = {http://doi.acm.org/10.1145/2470654.2470742},
	Year = {2013},
	Bdsk-Url-1 = {http://doi.acm.org/10.1145/2470654.2470742},
	Bdsk-Url-2 = {http://dx.doi.org/10.1145/2470654.2470742}}

@inproceedings{Kulesza2014,
	Acmid = {2557238},
	Address = {New York, NY, USA},
	Author = {Kulesza, Todd and Amershi, Saleema and Caruana, Rich and Fisher, Danyel and Charles, Denis},
	Booktitle = {Proceedings of the 32nd Annual ACM Conference on Human Factors in Computing Systems},
	Date-Added = {2014-12-04 07:34:55 +0000},
	Date-Modified = {2014-12-04 07:34:55 +0000},
	Doi = {10.1145/2556288.2557238},
	Isbn = {978-1-4503-2473-1},
	Keywords = {concept evolution, interactive machine learning},
	Location = {Toronto, Ontario, Canada},
	Numpages = {10},
	Pages = {3075--3084},
	Publisher = {ACM},
	Series = {CHI '14},
	Title = {Structured Labeling for Facilitating Concept Evolution in Machine Learning},
	Url = {http://doi.acm.org/10.1145/2556288.2557238},
	Year = {2014},
	Bdsk-Url-1 = {http://doi.acm.org/10.1145/2556288.2557238},
	Bdsk-Url-2 = {http://dx.doi.org/10.1145/2556288.2557238}}

@inproceedings{fine-grained,
	Author = {Aron Yu and Kristen Grauman},
	Booktitle = {Computer Vision and Pattern Recognition (CVPR)},
	Date-Added = {2014-11-09 07:56:57 +0000},
	Date-Modified = {2014-11-09 07:57:28 +0000},
	Month = {June},
	Title = {{F}ine-{G}rained {V}isual {C}omparisons with {L}ocal {L}earning},
	Year = {2014}}

@inproceedings{Deng2014,
	Acmid = {2557011},
	Address = {New York, NY, USA},
	Author = {Deng, Jia and Russakovsky, Olga and Krause, Jonathan and Bernstein, Michael S. and Berg, Alex and Fei-Fei, Li},
	Booktitle = {Proceedings of the SIGCHI Conference on Human Factors in Computing Systems},
	Date-Added = {2014-10-31 04:13:15 +0000},
	Date-Modified = {2014-10-31 04:13:15 +0000},
	Doi = {10.1145/2556288.2557011},
	Isbn = {978-1-4503-2473-1},
	Keywords = {crowdsourcing, human computation},
	Location = {Toronto, Ontario, Canada},
	Numpages = {4},
	Pages = {3099--3102},
	Publisher = {ACM},
	Series = {CHI '14},
	Title = {Scalable Multi-label Annotation},
	Url = {http://doi.acm.org/10.1145/2556288.2557011},
	Year = {2014},
	Bdsk-Url-1 = {http://doi.acm.org/10.1145/2556288.2557011},
	Bdsk-Url-2 = {http://dx.doi.org/10.1145/2556288.2557011}}
